% This file was created with Citavi 6.2.0.12

@article{Barros.2016,
 author = {Barros, D. and Bor{\'e}e, Jacques and Noack, Bernd R. and Spohn, Andreas and Ruiz, Tony},
 year = {2016},
 title = {Bluff body drag manipulation using pulsed jets and Coanda effect},
 pages = {422--459},
 volume = {805},
 issn = {0022-1120},
 journal = {Journal of Fluid Mechanics},
 doi = {10.1017/jfm.2016.508}
}

@book{Ota.1976,
 author = {Ota, T., Itasaka, M.},
 year = {1976},
 month = {March},
 title = {A Separated and Reattached Flow on a Blunt Flat Plate},
 journal = {Journal of Fluids Engineering},
pages = {79 - 86}
}

@book{Fernholz.1966,
 author = {Fernholz, H.},
 year = {1966},
 title = {Zur Umlenkung von Freistrahlen an konvex gekr"ummten W"anden},
 publisher = {Deutsche Versuchsanstalt f"ur Luft- und Raumfahrt},
 series = {Forschungsbericht Nr. 66-21}
}

@book{Riedel.1971,
 author = {Riedel, H.},
 year = {1971},
 title = {Grundz"uge der Str"omungsvorg"ange beim ANlegen und Abrei\ss{}en eines Flachstrahls bei der Umstr"omung eines Fl"ugelprofils (Coanda-Effekt)},
 publisher = {Deutsche Versuchsanstalt f"ur Luft- und Raumfahrt},
 series = {Forschungsbericht Nr. 71-46}
}

@book{Riedel.1973,
 author = {Riedel, H.},
 year = {1973},
 title = {Experimentelle Unteruschung der Strahlstr"omung "uber ein Tragfl"ugelprofil (Coanda-Effekt)},
  address = {Porz-Wahn},
 publisher = {Institut f"ur Angewandte Gasdynamik},
 school = {Deutsche Forschungs- und Versuchsanstalt f"ur Luft- und Raumfahrt},
 series = {Forschungsbericht Nr. 73-98}
}


@phdthesis{Fischer.2011,
 author = {Fischer, S.},
 year = {2011},
 title = {Untersuchung ebener Verdichtergitter mit aktiver Zirkulationskontrolle an der Hinterkante},
 address = {Braunschweig},
 publisher = {Institut f{\"u}r Str{\"o}mungsmechanik},
school = {{Technische Universit{\"a}t Braunschweig}},
 series = {Campus Forschungsflughafen - Forschungsbericht Nr. 2011-07}
}



@book{Newman.1961,
 author = {Newman, B.G.},
 year = {1961},
 title = {The deflection of plane jets by adjacent boundaries - coanda effect},
 publisher = {Pergamon Press},
 series = {In: Lachmann, Boundary Layer and Flow Control}
}


@phdthesis{Bilges.2018,
 author = {Bilges, S.},
 year = {2018},
 title = {Experimentelle Untersuchung einer neuartigen hybriden Coanda-Aktuierung an einem Stumpfk{\"o}rper},
 address = {Braunschweig},
 publisher = {Institut f{\"u}r Str{\"o}mungsmechanik},
 school = {{Technische Universit{\"a}t Braunschweig}},
 type = {Masterarbeit}
}


@article{Chabert.2014,
 author = {Chabert, T. and Dandois, J. and Garnier, {\'E}.},
 year = {2014},
 title = {Experimental closed-loop control of flow separation over a plain flap using slope seeking},
 pages = {1},
 volume = {55},
 number = {8},
 issn = {0723-4864},
 journal = {Experiments in Fluids},
 doi = {10.1007/s00348-014-1797-2}
}


@article{Hucho.1972,
 author = {Hucho,W.-H.},
 year = {1972},
 title = {Einfluss der Vorderwagenform auf Widerstand, Giermoment und Seitenkraft von Kastenwagen},
 pages = {341 - 351},
 publisher = {ZfW}
}

@phdthesis{Gong.2015,
 author = {Gong, J.},
 year = {2015},
 title = {Grundlagenuntersuchung zur aktiven Beeinflussung der abgel"osten Str"omungen},
 address = {Stuttgart},
 publisher = {Institut f{\"u}r Verbrennungsmotoren und Kraftfahrwesen},
 school = {{Universit{\"a}t Stuttgart}},
 type = {PHD}
}

@phdthesis{Oswald.2017,
 author = {Oswald, P.},
 year = {2017},
 title = {Experimental investigations of active
and passive drag-reducing devices
over a D-shaped bluff body},
 address = {Braunschweig},
 publisher = {Institut f{\"u}r Str{\"o}mungsmechanik},
 school = {{Technische Universit{\"a}t Braunschweig}},
 type = {Masterarbeit}
}


@book{Dillmann.2018,
 year = {2018},
 title = {New results in numerical and experimental fluid mechanics XI: Contributions to the 20th STAB/DGLR Symposium Braunschweig, Germany, 2016},
 price = {(Book : circa EUR 319.93 (DE) (freier Preis), circa EUR 328.90 (AT) (freier Preis), circa CHF 328.50 (freier Preis))},
 keywords = {Buchhandelsausgabe;Congresses;Fachgebiet Aerodynamik {\textless}Ilmenau{\textgreater};Fluid mechanics;Herausgeber;ilmpub;Kongressband},
 address = {Cham},
 volume = {volume 136},
 publisher = {Springer},
 isbn = {978-3-319-64518-6},
 series = {Notes on Numerical Fluid Mechanics and Multidisciplinary Design},
 editor = {Dillmann, A. and Heller, G. and Kr{\"a}mer, E. and Wagner, C. and Bansmer, S. and Radespiel, R. and Semaan, R.},
 doi = {10.1007/978-3-319-64519-3}
}


@incollection{ElSayedM..2018,
 author = {{El Sayed M.}, Yosef and Beck, N. and Kumar, P. and Semaan, R. and Radespiel, R.},
 title = {Challenges in the Experimental Quantification of the Momentum Coefficient of Circulation Controlled Wings},
 pages = {533--543},
 volume = {136},
 publisher = {Springer},
 isbn = {978-3-319-64518-6},
 series = {Notes on Numerical Fluid Mechanics and Multidisciplinary Design},
 editor = {Dillmann, A. and Heller, G. and Kr{\"a}mer, E. and Wagner, C. and Bansmer, S. and Radespiel, R. and Semaan, R.},
 booktitle = {New results in numerical and experimental fluid mechanics XI},
 year = {2018},
 address = {Cham},
 doi = {10.1007/978-3-319-64519-3{\textunderscore }48}
}


@article{Freund.1994,
 author = {Freund, J. B. and Mungal, M. G.},
 year = {1994},
 title = {Drag and wake modification of axisymmetric bluff bodies using Coanda blowing},
 pages = {572--578},
 volume = {31},
 number = {3},
 issn = {0021-8669},
 journal = {Journal of Aircraft},
 doi = {10.2514/3.46532}
}


@article{Geropp.2000,
 author = {Geropp, D. and Odenthal, H.-J.},
 year = {2000},
 title = {Drag reduction of motor vehicles by active flow control using the Coanda effect},
 pages = {74--85},
 volume = {28},
 number = {1},
 issn = {0723-4864},
 journal = {Experiments in Fluids},
 doi = {10.1007/s003480050010}
}


@phdthesis{Henning.2008,
 author = {Henning, L.},
 year = {2008},
 title = {Regelung abgel{\"o}ster Scherschichten durch aktive Beeinflussung},
 address = {Berlin},
 school = {{Technische Universit{\"a}t Berlin}},
 type = {PhD thesis}
}


@book{Hucho.2011,
 author = {Hucho, W.-H.},
 year = {2011},
 title = {Aerodynamik der stumpfen K{\"o}rper: Physikalische Grundlagen und Anwendungen in der Praxis},
 price = {ca. EUR 89.95 (DE)},
 keywords = {Aeroakustik;Aerodynamik;Dynamische Beanspruchung;Fahrtrichtungshaltung;Geb{\"a}ude;Grenzschichtabl{\"o}sung;Kraftfahrzeug;Lehrbuch;Messtechnik;Paperback / softback;Scherschicht;Totwasser},
 address = {Wiesbaden},
 edition = {2., vollst. {\"u}berarb. und erw. Aufl.},
 publisher = {{Vieweg + Teubner}},
 isbn = {9783834814623},
 series = {Str{\"o}mungsmechanik}
}


@book{Leder.1992,
 author = {Leder, A.},
 year = {1992},
 title = {Abgel{\"o}ste Str{\"o}mungen Physikalische Grundlagen},
 url = {http://dx.doi.org/10.1007/978-3-322-91109-4},
 keywords = {Engineering},
 address = {Wiesbaden},
 publisher = {{Vieweg+Teubner Verlag}},
 isbn = {9783528064365},
 series = {Grundlagen und Fortschritte der Ingenieurwissenschaften / Fundamentals and Advances in the Engineering Sciences},
 doi = {10.1007/978-3-322-91109-4}
}

@article{Mueller.1987,
 author = {O'Meara, M. M., Mueller, T. J.},
 year = {1987},
 title = {Laminar Separation Bubble Characteristics on an Airfoil at Low Reynolds Numbers},
 pages = {1033--1041},
 volume = {25},
 number = {8},
 journal = {AIAA Journal}
}


@article{MODI.1991,
 author = {Modi, V. J. and Fernando, M. S. U. K. and Yokomizo, T.},
 year = {1991},
 title = {Moving surface boundary-layer control - Studies with bluff bodies andapplication},
 pages = {1400--1406},
 volume = {29},
 number = {9},
 issn = {0001-1452},
 journal = {AIAA Journal}
}


@book{Schlichting.2001,
 abstract = {Gesamtwerk: In diesem Werk der beiden bedeutenden Aerodynamiker wird das gesamte Gebiet der Flugzeugaerodynamik von den Grundlagen bis zu den Entwicklungen der 60er Jahre des 20.Jahrhunderts in klarer, ingenieursgem{\"a}{\ss}er Form dargestellt. Das Hauptgewicht liegt dabei auf den physikalisch und technisch wichtigen Sachverhalten. Die erl{\"a}uterten Berechnungsverfahren werden durch zahlreiche Beispielrechnungen und Abbildungen veranschaulicht sowie durch Vergleich mit experimentellen Werten {\"u}berpr{\"u}ft. Erster Band: Der erste Band behandelt die Grundlagen der Str{\"o}mungsmechanik einschlie{\ss}lich der Gasdynamik und der Grenzschichttheorie, und zwar mit besonderer Betonung der Anwendungen in der Flugtechnik. Au{\ss}erdem enth{\"a}lt der erste Band die Profiltheorie, d.h. den ersten Teil der Aerodynamik des Tragfl{\"u}gels},
 author = {Schlichting, H. and Truckenbrodt, E.},
 year = {2001},
 title = {Aerodynamik des Flugzeuges: Erster Band: Grundlagen aus der Str{\"o}mungstechnik Aerodynamik des Tragfl{\"u}gels (Teil I)},
 url = {http://dx.doi.org/10.1007/978-3-642-56911-1},
 keywords = {Engineering;Flugzeugaerodynamik;Hydraulic engineering},
 address = {Berlin and Heidelberg},
 edition = {3. Auflage},
 publisher = {Springer},
 isbn = {9783642631481},
 series = {Klassiker der Technik},
 doi = {10.1007/978-3-642-56911-1}
}


@phdthesis{Stadlberger.2016,
 author = {Stadlberger, K.},
 year = {2016},
 title = {Modelling and Performance Aspects of Coand{\^a} Flap Systems},
 address = {M{\"u}nchen},
 school = {{Technische Universit{\"a}t M{\"u}nchen}},
 type = {PhD thesis}
}


@proceedings{Utturkar.2003,
 year = {2003},
 title = {A Jet Formation Citerion for Synthetic Jet Actuators},
 keywords = {Aeronautics;Astronautics},
 address = {Reston, VA},
 volume = {nos. 2003-0001 to 2003-1143 (with omissions in numbering)},
 publisher = {{American Institute of Aeronautics and Astronautics}},
 isbn = {978-1-62410-099-4},
 series = {AIAA papers},
 editor = {Utturkar, Y. and Holman, R. and Mittal, R. and Carroll, B. and Sheplak, M. and Cattafesta, L.},
 institution = {{University of Florida, The George Washington University}},
 doi = {10.2514/MASM03}
}

@misc{Siegman.2015,
    author = {Siegman, H.},
    publisher = {Aerodesign},
    title = {Schematische Schnittdarstellung Profilstr"omung mit laminarer Abl"oseblase und turbulentem Wiederanlegen},
    month = {April},
    year = {2016},
    note = {Letzter Abruf 10.01.2019},
    url = {http://www.aerodesign.de/aero/laminare-abloeseblase.htm"}
}
