% This file was created with Citavi 6.2.0.12

@article{Barros.2016,
 author = {Barros, D. and Bor{\'e}e, Jacques and Noack, Bernd R. and Spohn, Andreas and Ruiz, Tony},
 year = {2016},
 title = {Bluff body drag manipulation using pulsed jets and Coanda effect},
 pages = {422--459},
 volume = {805},
 issn = {0022-1120},
 journal = {Journal of Fluid Mechanics},
 doi = {10.1017/jfm.2016.508}
}


@book{Dillmann.2018,
 year = {2018},
 title = {New results in numerical and experimental fluid mechanics XI: Contributions to the 20th STAB/DGLR Symposium Braunschweig, Germany, 2016},
 price = {(Book : circa EUR 319.93 (DE) (freier Preis), circa EUR 328.90 (AT) (freier Preis), circa CHF 328.50 (freier Preis))},
 keywords = {Buchhandelsausgabe;Congresses;Fachgebiet Aerodynamik {\textless}Ilmenau{\textgreater};Fluid mechanics;Herausgeber;ilmpub;Kongressband},
 address = {Cham},
 volume = {volume 136},
 publisher = {Springer},
 isbn = {978-3-319-64518-6},
 series = {Notes on Numerical Fluid Mechanics and Multidisciplinary Design},
 editor = {Dillmann, A. and Heller, G. and Kr{\"a}mer, E. and Wagner, C. and Bansmer, S. and Radespiel, R. and Semaan, R.},
 doi = {10.1007/978-3-319-64519-3}
}


@incollection{ElSayedM..2018,
 author = {{El Sayed M.}, Yosef and Beck, N. and Kumar, P. and Semaan, R. and Radespiel, R.},
 title = {Challenges in the Experimental Quantification of the Momentum Coefficient of Circulation Controlled Wings},
 pages = {533--543},
 volume = {136},
 publisher = {Springer},
 isbn = {978-3-319-64518-6},
 series = {Notes on Numerical Fluid Mechanics and Multidisciplinary Design},
 editor = {Dillmann, A. and Heller, G. and Kr{\"a}mer, E. and Wagner, C. and Bansmer, S. and Radespiel, R. and Semaan, R.},
 booktitle = {New results in numerical and experimental fluid mechanics XI},
 year = {2018},
 address = {Cham},
 doi = {10.1007/978-3-319-64519-3{\textunderscore }48}
}


@article{Freund.1994,
 author = {Freund, J. B. and Mungal, M. G.},
 year = {1994},
 title = {Drag and wake modification of axisymmetric bluff bodies using Coanda blowing},
 pages = {572--578},
 volume = {31},
 number = {3},
 issn = {0021-8669},
 journal = {Journal of Aircraft},
 doi = {10.2514/3.46532}
}


@article{Geropp.2000,
 author = {Geropp, D. and Odenthal, H.-J.},
 year = {2000},
 title = {Drag reduction of motor vehicles by active flow control using the Coanda effect},
 pages = {74--85},
 volume = {28},
 number = {1},
 issn = {0723-4864},
 journal = {Experiments in Fluids},
 doi = {10.1007/s003480050010}
}


@phdthesis{Henning.2008,
 author = {Henning, L.},
 year = {2008},
 title = {Regelung abgel{\"o}ster Scherschichten durch aktive Beeinflussung},
 address = {Berlin},
 school = {{Technische Universit{\"a}t Berlin}}
}


@book{Hucho.2011,
 author = {Hucho, W.-H.},
 year = {2011},
 title = {Aerodynamik der stumpfen K{\"o}rper: Physikalische Grundlagen und Anwendungen in der Praxis},
 price = {ca. EUR 89.95 (DE)},
 keywords = {Aeroakustik;Aerodynamik;Dynamische Beanspruchung;Fahrtrichtungshaltung;Geb{\"a}ude;Grenzschichtabl{\"o}sung;Kraftfahrzeug;Lehrbuch;Messtechnik;Paperback / softback;Scherschicht;Totwasser},
 address = {Wiesbaden},
 edition = {2., vollst. {\"u}berarb. und erw. Aufl.},
 publisher = {{Vieweg + Teubner}},
 isbn = {9783834814623},
 series = {Str{\"o}mungsmechanik}
}


@book{Leder.1992,
 author = {Leder, A.},
 year = {1992},
 title = {Abgel{\"o}ste Str{\"o}mungen Physikalische Grundlagen},
 url = {http://dx.doi.org/10.1007/978-3-322-91109-4},
 keywords = {Engineering},
 address = {Wiesbaden},
 publisher = {{Vieweg+Teubner Verlag}},
 isbn = {9783528064365},
 series = {Grundlagen und Fortschritte der Ingenieurwissenschaften / Fundamentals and Advances in the Engineering Sciences},
 doi = {10.1007/978-3-322-91109-4}
}


@article{MODI.1991,
 author = {MODI, V. J. and FERNANDO, M. S. U. K. and YOKOMIZO, T.},
 year = {1991},
 title = {Moving surface boundary-layer control - Studies with bluff bodies and application},
 pages = {1400--1406},
 volume = {29},
 number = {9},
 issn = {0001-1452},
 journal = {AIAA Journal},
 doi = {10.2514/3.10753}
}


@proceedings{Utturkar.2003,
 year = {2003},
 title = {A Jet Formation Citerion for Synthetic Jet Actuators},
 keywords = {Aeronautics;Astronautics},
 address = {Reston, VA},
 volume = {nos. 2003-0001 to 2003-1143 (with omissions in numbering)},
 publisher = {{American Institute of Aeronautics and Astronautics}},
 isbn = {978-1-62410-099-4},
 series = {AIAA papers},
 editor = {Utturkar, Y. and Holman, R. and Mittal, R. and Carroll, B. and Sheplak, M. and Cattafesta, L.},
 institution = {{University of Florida, The George Washington University}},
 doi = {10.2514/MASM03}
}


@phdthesis{Stadlberger.2016,
 author = {Stadlberger, K.},
 year = {2016},
 title = {Modelling and Performance Aspects of
Coand\^{a} Flap Systems},
 address = {M"unchen},
 school = {{Technische Universit{\"a}t M"unchen}}
}
